@manual{ap700,
title = {Versuchsanleitung zu Versuch Nr. 700 Natürliche Relativität},
year = 2023,
organization = {Fakultät Physik, TU Dortmund},
}
